@thesis{Thibaut2015phd,
	author = {B.Thibaut},
	title = {Origine biologique et phisico-chimique de la diversité des bois},
	type = {Cours de l’École Thematique Pluribois},
	institution = {CNRS Egletons },
	date = {2015}}


@thesis{Seddik2006phd,
	author = {M. Seddik},
	title = {Modélisation des structures en bois en environnement variable},
	type = {Thesis},
	institution = {Université de Limoges},
	date = {2006}}



@thesis{Nguyen2016phd,
	author = {Sung Lam Nguyen},
	title = {Modélisation hydromécanique du bois : application au sapin blanc du Massif Central},
	type = {Thesis},
	institution = {Université de Clermont-Ferrand},
	date = {2016}}


@book{BodigandJayne1982,
	author = {J. Bodig and B. A. Jayne},
	Title = {Mechanics of wood and wood composites},
	Year = {1982}}



@article{Hein2014,
	Abstract = {},
	Author = {P.R.G. Hein, J.R.M. Silva, L. Brancheriau},
	Journal = {Maderas: Ciencia y Tecnología},
	Title = {Correlations among microfibril angle, density, modulus of elasticity, modulus of rupture and shrinkage in 6-year-old eucalyptus},
	Year = {2014}}


@thesis{Taazount2021,
	author = {Mustapha Taazount},
	title = {Le bois et ses dérivés},
	type = {Cours de DEA Mécanique-Matériaux-Procédés},
	institution = {Cours bois Polytech 4A},
	date = {2021}}

@thesis{BrunoClair2003-2004,
	author = {Bruno Clair},
	title = {étude des propriétés mécaniques et du retrait au séchage du bois à l’échelle de la paroi cellulaire},
	type = {Cours de DEA Mécanique-Matériaux-Procédés},
	institution = {},
	date = {2003-2004}}


@thesis{Zeghloul2001phd,
	author = {A. Zeghloul},
	title = {Concepts fondamentaux de la mécanique de la Rupture},
	type = {Thesis},
	institution = {Ecole Nationale du Génie Rural, des Eaux et des Forêts},
	date = {2001}}




@article{MoutouPitti2008,
author = {Rostand Moutou Pitti, Frédéric Dubois, Octavian Pop},
title ={Sur une éprouvette assurant la stabilité de la propagation de fissure en mode mixte dans le matériau bois},
journal = {Comptes rendus Mécanique},
volume = {336},
pages = {744-749},
year = {2008},
}


@thesis{Odounga2018phd,
	author = {Bernard Odounga},
	title = {Étude de la fissuration des bois tropicaux par mesures de champs},
	type = {Thesis},
	institution = {Clermont Auvergne},
	date = {2018}}


@thesis{MALFAIT2021,
	author = {Stanislas MALFAIT},
	title = {Wood Fracture Mechanics},
	type = {Thesis for the obtention of engineering degree},
	institution = {Université Blaise Pascal},
	date = {2021}}


@article{Ostapska2021,
 	Author = {Ostapska, Katarzyn and Kjell Arne Malo },
 	Journal = {Theoretical and Applied Fracture Mechanics },
 	Keywords = {},
 	Month = {},
 	Number = {},
 	Numpages = {},
 	Pages = {},
 	Title = {Crack path tracking using DIC and XFEM modelling of mixed mode fracture in wood.},
 	Volume = {112},
 	Url = {},
 	Year = {2021}}


@thesis{MOUTOUPITTI2008phd,
	author = {Rostand MOUTOU PITTI},
	title = {Découplage des modes mixtes de rupture dans les matériaux
	viscoélastiques orthotropes : modélisation et expérimentation},
	type = {Thesis},
	institution = {UNIVERSITE DE LIMOGES},
	date = {2008}}


@thesis{Mambili2018,
	author = {Germice Jordy Mambili Lebongui},
	title = {Suivi d’endommagement par fissuration du bois vert via la modélisation numérique et la micro-tomographie à rayons X},
	type = {Mémoire présenté en vue de l’obtention du diplôme d’ingénieur Option Génie Civil},
	institution = {Université Blaise Pascal},
	date = {2018}}


@article{YoshiharaandNobusue2008,
 	Author = {Hiroshi Yoshihara and Kyo Nobusue},
 	Journal = {Holzforschung },
 	Keywords = {},
 	Month = {},
 	Number = {},
 	Numpages = {},
 	Pages = {82-85},
 	Title = {Mode I and Mode II fracture toughness of densified Sitka spruce fabricated in an airtight atmosphere with high temperature steam},
 	Volume = {62},
 	Url = {},
 	Year = {2008}}


@article{DavidsonandSun2005,
 	Author = {Barry D. Davidson and Xuekun Sun},
 	Journal = {Journal of reinforced plastics and composites },
 	Keywords = {},
 	Month = {},
 	Number = {},
 	Numpages = {},
 	Pages = {1611-1628},
 	Title = {Effects of friction, geometry, and fixture compliance on the perceived toughness from three-and four-point bend end-notched flexure tests},
 	Volume = {24},
 	Url = {},
 	Year = {2005}}


@article{Xavieretal2014,
 	Author = {Xavier, J. et al },
 	Journal = {Experimental Mechanics  },
 	Keywords = {},
 	Month = {},
 	Number = {},
 	Numpages = {},
 	Pages = {829-840},
 	Title = {Direct Evaluation of Cohesive Law in Mode I of Pinus pinaster by Digital Image Correlation},
 	Volume = {54},
 	Url = {},
 	Year = {2014}}

@article{Dubois2002,
 	Author = {Frederic Dubois, Claude Chazal, Christophe Petit},
 	Journal = {International journal of fracture},
 	Keywords = {},
 	Month = {},
 	Number = {},
 	Numpages = {},
 	Pages = {367-388},
 	Title = {Viscoelastic crack growth process in wood timbers: An approach by the finite element method for mode I fracture},
 	Volume = {113},
 	Url = {},
 	Year = {2002}}




@article{DICguide2018,
author = {E.M.C. and Iadicola, M.A},
title ={ A Good Practices Guide for Digital Image Correlation},
journal = {International Digital Image Correlation Society},
volume = {},
number = {},
doi = {10.32720/idics/gpg.ed1},
year = {2018},
}



@article{GuitardandElAmri1987,
 	Author = {Guitard, D. and F. El Amri},
 	Journal = {Annales des sciences forestières},
 	Keywords = {},
 	Month = {},
 	Number = {},
 	Numpages = {},
 	Pages = {335-358},
 	Title = {Modèles prévisionnels de comportement élastique tridimensionnel pour les bois feuillus et les bois résineux},
 	Volume = {44},
 	Url = {},
 	Year = {1987}}


@article{PereiraandXavier2018,
author = {J.L. Pereira and J. Xavier and B. Ghiassi and J. Lousada and J. Morais},
title ={On the identification of earlywood and latewood radial elastic modulus of Pinus pinaster by digital image correlation: A parametric analysis},
journal = {The Journal of Strain Analysis for Engineering Design},
volume = {53},
number = {8},
pages = {566-574},
year = {2018},
}








@thesis{Reference19,
	author = {Frédéric Dubois},
	title = {Modélisation du comportement mécanique des milieux viscoélastiques fissures},
	type = {Thesis},
	institution = {Egletons},
	date = {1997}}


@article{Reference18,
	Author = {Bing Pan et al},
	Journal = {Measurement science & technology},
	Keywords = {},
	Month = {},
	Number = {},
	Numpages = {},
	Pages = {62001-62001},
	Title = {Two-dimensional digital image correlation for in plane displacement and strain measurement: a review},
	Volume = {20},
	Url = {},
	Year = {2009}}

@thesis{Reference7b,
	author = {Loane Bigorgne},
	title = {Mécanique et mécanismes de rupture dans le plan transverse du bois résineux},
	type = {Thesis},
	institution = {Lyon},
	date = {2011}}
